@misc{codepage,
key = {codepage},
title = {Codepage \& Co.},
note = {\url{http://aspell.net/charsets/codepages.html}}
}

@misc{scancodes,
key = {ibm pc},
title = {{IBM PC} Keyboard Scan Codes},
note = {\url{http://jimprice.com/jim-asc.shtml#keycodes}}
}

@misc{history-of-ascii,
key = {annotated},
title = {Annotated history of ascii},
note = {\url{http://www.wps.com/projects/codes/index.html}}
}

@misc{character-codes-europe-asia,
key = {brief history},
title = {Brief history of character codes in North American, Europe,
    and East Asia},
note = {\url{http://tronweb.super-nova.co.jp/characcodehist.html}}
}

@misc{bobbemer,
key = {bob bemer},
title = {Bob Bemer homepage},
note = {\url{http://www.trailing-edge.com/~bobbemer/}}
}

@misc{latin1,
key = {iso latin 1},
title = {The {ISO} Latin 1 Character Repertoire},
note = {\url{http://www.cs.tut.fi/~jkorpela/latin1/index.html}}
}

@misc{unicode-fileformat,
key = {unicode},
title = {Unicode},
note = {\url{http://www.fileformat.info/info/unicode/index.htm}}
}

@misc{unicode-download,
key = {Unicode charts},
title = {Unicode Code Chart and Scripts},
note = {\url{http://www.unicode.org/charts/}}
}

@misc{utf-faq,
key = {UTF-8},
title = {{UTF-8} and {U}nicode {FAQ} for {U}nix/{L}inux},
note = {\url{http://www.cl.cam.ac.uk/~mgk25/unicode.html}}
}

@misc{utf-history,
key = {utf history},
title = {{UTF-8} History},
note = {\url{http://www.cl.cam.ac.uk/~mgk25/ucs/utf-8-history.txt}}
}

@misc{unicode-tr9,
key = {unicode annex 9},
title = {Unicode Standard Annex 9, The Bidirectional Algorithm},
note = {\url{http://www.unicode.org/reports/tr9/}}
}

@misc{unicode-tr14,
key = {unicode annex 14},
title = {Unicode Standard Annex 14, Line breaking properties},
note = {\url{http://www.unicode.org/reports/tr14/}}
}

@misc{unicode-line-breaking,
key = {unicode line breaking},
title = {Unicode line breaking rules: explanations and criticism},
note = {\url{http://www.cs.tut.fi/~jkorpela/unicode/linebr.html}}
}

@misc{han-unification,
key = {han unification},
title = {Han unification},
note = {\url{http://en.wikipedia.org/wiki/Han_unification}}
}

@misc{iana,
key = {iana},
titel = {Internet Assigned Names Authority},
note = {\url{http://www.iana.org/}}
}

@misc{html-names,
key = {Latin 1},
title = {Character Entities for {ISO} Latin~1},
note = {\url{http://www.cs.tut.fi/~jkorpela/HTML3.2/latin1.html}}
}

@misc{bray-bytes,
key = {Characters},
title = {Characters vs Bytes},
author = {Tim Bray},
note = {url{http://www.tbray.org/ongoing/When/200x/2003/04/26/UTF}}
}

@misc{iana-list,
key = {IANA},
title = {{IANA} character set names},
note = {\url{http://www.iana.org/assignments/character-sets}}
}

@misc{html-chars,
key = {html4},
title = {Character entity references in {HTML}4},
note = {\url{http://www.w3.org/TR/html401/sgml/entities.html}}
}

@misc{omega,
key = {omega},
title = {Omega project home page},
note = {\url{http://omega.enstb.org/}}
}
